@misc{C99Changes,
howpublished = "\\url{http://home.datacomm.ch/t_wolf/tw/c/c9x_changes.html}"
}
